001  0000204
005  20180725161946.725
008  170720s||||     bl|||||||||||||||||por|u
020    $a8575564439
040    $aPorto Alegre$bpor
080    $2869.0(81)-31$a1997
090    $a869.0(81)-31$bA448m
100 1  $aAlmeida, Manuel Antônio de
245 10 $aMemórias de um sargento de Mílicias$cManuel Antônio de Almeida 
260    $aSão Paulo$bEditora escala$c2005
490 0  $aColeção Grandes mestres da literatura brasileira$v2
650    $aLiteratura brasileira
650    $aRomance
650    $aClássicos da literatura
650    $aFicção
